%YAML 1.1
%TAG !u! tag:unity3d.com,2011:
--- !u!1 &1517049658
GameObject:
  m_ObjectHideFlags: 0
  m_CorrespondingSourceObject: {fileID: 0}
  m_PrefabInstance: {fileID: 0}
  m_PrefabAsset: {fileID: 0}
  serializedVersion: 6
  m_Component:
  - component: {fileID: 1517049659}
  - component: {fileID: 1517049662}
  - component: {fileID: 1517049661}
  - component: {fileID: 1517049660}
  - component: {fileID: 7506690738585293945}
  m_Layer: 10
  m_Name: Arrow
  m_TagString: Collectable
  m_Icon: {fileID: 0}
  m_NavMeshLayer: 0
  m_StaticEditorFlags: 0
  m_IsActive: 1
--- !u!224 &1517049659
RectTransform:
  m_ObjectHideFlags: 0
  m_CorrespondingSourceObject: {fileID: 0}
  m_PrefabInstance: {fileID: 0}
  m_PrefabAsset: {fileID: 0}
  m_GameObject: {fileID: 1517049658}
  m_LocalRotation: {x: 0, y: 0, z: 0.7071068, w: 0.7071068}
  m_LocalPosition: {x: 0, y: 0, z: 0}
  m_LocalScale: {x: 1, y: 1, z: 1}
  m_Children: []
  m_Father: {fileID: 300271964369537054}
  m_RootOrder: 3
  m_LocalEulerAnglesHint: {x: 0, y: 0, z: 90}
  m_AnchorMin: {x: 0.5, y: 0.5}
  m_AnchorMax: {x: 0.5, y: 0.5}
  m_AnchoredPosition: {x: -0, y: 1}
  m_SizeDelta: {x: 1, y: 1}
  m_Pivot: {x: 0.5, y: 0.5}
--- !u!222 &1517049662
CanvasRenderer:
  m_ObjectHideFlags: 0
  m_CorrespondingSourceObject: {fileID: 0}
  m_PrefabInstance: {fileID: 0}
  m_PrefabAsset: {fileID: 0}
  m_GameObject: {fileID: 1517049658}
  m_CullTransparentMesh: 0
--- !u!114 &1517049661
MonoBehaviour:
  m_ObjectHideFlags: 0
  m_CorrespondingSourceObject: {fileID: 0}
  m_PrefabInstance: {fileID: 0}
  m_PrefabAsset: {fileID: 0}
  m_GameObject: {fileID: 1517049658}
  m_Enabled: 1
  m_EditorHideFlags: 0
  m_Script: {fileID: 11500000, guid: fe87c0e1cc204ed48ad3b37840f39efc, type: 3}
  m_Name: 
  m_EditorClassIdentifier: 
  m_Material: {fileID: 0}
  m_Color: {r: 0.5990566, g: 0.67188805, b: 1, a: 1}
  m_RaycastTarget: 1
  m_OnCullStateChanged:
    m_PersistentCalls:
      m_Calls: []
    m_TypeName: UnityEngine.UI.MaskableGraphic+CullStateChangedEvent, UnityEngine.UI,
      Version=1.0.0.0, Culture=neutral, PublicKeyToken=null
  m_Sprite: {fileID: 21300000, guid: fd01ac8299ff1da4fb4689558d08325d, type: 3}
  m_Type: 0
  m_PreserveAspect: 0
  m_FillCenter: 1
  m_FillMethod: 4
  m_FillAmount: 1
  m_FillClockwise: 1
  m_FillOrigin: 0
  m_UseSpriteMesh: 0
  m_PixelsPerUnitMultiplier: 1
--- !u!114 &1517049660
MonoBehaviour:
  m_ObjectHideFlags: 0
  m_CorrespondingSourceObject: {fileID: 0}
  m_PrefabInstance: {fileID: 0}
  m_PrefabAsset: {fileID: 0}
  m_GameObject: {fileID: 1517049658}
  m_Enabled: 1
  m_EditorHideFlags: 0
  m_Script: {fileID: 11500000, guid: 2f4318a70ec1f487490cb55c7338b06a, type: 3}
  m_Name: 
  m_EditorClassIdentifier: 
  _duration: 1
  delay: 0
  playOnAwake: 1
  targetScale: {x: 1, y: 1, z: 1}
  targetPosition: {x: 0, y: 1.3, z: 0}
  rotation: {x: 0, y: 0, z: 0}
  _animationType: 6
  moveEase: 2
  eventAfterAnimation:
    m_PersistentCalls:
      m_Calls: []
    m_TypeName: UnityEngine.Events.UnityEvent, UnityEngine.CoreModule, Version=0.0.0.0,
      Culture=neutral, PublicKeyToken=null
--- !u!114 &7506690738585293945
MonoBehaviour:
  m_ObjectHideFlags: 0
  m_CorrespondingSourceObject: {fileID: 0}
  m_PrefabInstance: {fileID: 0}
  m_PrefabAsset: {fileID: 0}
  m_GameObject: {fileID: 1517049658}
  m_Enabled: 1
  m_EditorHideFlags: 0
  m_Script: {fileID: 11500000, guid: 7ea80f273c87fc74c87331c108528cba, type: 3}
  m_Name: 
  m_EditorClassIdentifier: 
--- !u!1 &413395724957759134
GameObject:
  m_ObjectHideFlags: 0
  m_CorrespondingSourceObject: {fileID: 0}
  m_PrefabInstance: {fileID: 0}
  m_PrefabAsset: {fileID: 0}
  serializedVersion: 6
  m_Component:
  - component: {fileID: 4105933691938913876}
  - component: {fileID: 3163232743714930127}
  m_Layer: 0
  m_Name: Point Light
  m_TagString: Untagged
  m_Icon: {fileID: 0}
  m_NavMeshLayer: 0
  m_StaticEditorFlags: 0
  m_IsActive: 1
--- !u!4 &4105933691938913876
Transform:
  m_ObjectHideFlags: 0
  m_CorrespondingSourceObject: {fileID: 0}
  m_PrefabInstance: {fileID: 0}
  m_PrefabAsset: {fileID: 0}
  m_GameObject: {fileID: 413395724957759134}
  m_LocalRotation: {x: -0, y: -0, z: -0, w: 1}
  m_LocalPosition: {x: 0, y: 0, z: 0}
  m_LocalScale: {x: 1.1111112, y: 1.1111112, z: 1.1111112}
  m_Children: []
  m_Father: {fileID: 3499133733860330754}
  m_RootOrder: 6
  m_LocalEulerAnglesHint: {x: 0, y: 0, z: 0}
--- !u!108 &3163232743714930127
Light:
  m_ObjectHideFlags: 0
  m_CorrespondingSourceObject: {fileID: 0}
  m_PrefabInstance: {fileID: 0}
  m_PrefabAsset: {fileID: 0}
  m_GameObject: {fileID: 413395724957759134}
  m_Enabled: 1
  serializedVersion: 9
  m_Type: 2
  m_Color: {r: 0.015686274, g: 1, b: 0.979678, a: 1}
  m_Intensity: 4.86
  m_Range: 5.27
  m_SpotAngle: 30
  m_InnerSpotAngle: 21.80208
  m_CookieSize: 10
  m_Shadows:
    m_Type: 0
    m_Resolution: -1
    m_CustomResolution: -1
    m_Strength: 1
    m_Bias: 0.05
    m_NormalBias: 0.4
    m_NearPlane: 0.2
    m_CullingMatrixOverride:
      e00: 1
      e01: 0
      e02: 0
      e03: 0
      e10: 0
      e11: 1
      e12: 0
      e13: 0
      e20: 0
      e21: 0
      e22: 1
      e23: 0
      e30: 0
      e31: 0
      e32: 0
      e33: 1
    m_UseCullingMatrixOverride: 0
  m_Cookie: {fileID: 8900000, guid: 2510bdd164e16314aba3e77e60424a90, type: 3}
  m_DrawHalo: 0
  m_Flare: {fileID: 0}
  m_RenderMode: 0
  m_CullingMask:
    serializedVersion: 2
    m_Bits: 4294967295
  m_RenderingLayerMask: 1
  m_Lightmapping: 4
  m_LightShadowCasterMode: 0
  m_AreaSize: {x: 1, y: 1}
  m_BounceIntensity: 0
  m_ColorTemperature: 6570
  m_UseColorTemperature: 0
  m_BoundingSphereOverride: {x: 0, y: 0, z: 0, w: 0}
  m_UseBoundingSphereOverride: 0
  m_ShadowRadius: 0
  m_ShadowAngle: 0
--- !u!1 &3499133733860330756
GameObject:
  m_ObjectHideFlags: 0
  m_CorrespondingSourceObject: {fileID: 0}
  m_PrefabInstance: {fileID: 0}
  m_PrefabAsset: {fileID: 0}
  serializedVersion: 6
  m_Component:
  - component: {fileID: 3499133733860330754}
  - component: {fileID: 3499133733860330753}
  - component: {fileID: 3499133733860330752}
  - component: {fileID: 3499133733860330759}
  - component: {fileID: 3499133733860330758}
  - component: {fileID: 3499133733860330755}
  m_Layer: 10
  m_Name: BlueBox
  m_TagString: Box
  m_Icon: {fileID: 0}
  m_NavMeshLayer: 0
  m_StaticEditorFlags: 0
  m_IsActive: 1
--- !u!4 &3499133733860330754
Transform:
  m_ObjectHideFlags: 0
  m_CorrespondingSourceObject: {fileID: 0}
  m_PrefabInstance: {fileID: 0}
  m_PrefabAsset: {fileID: 0}
  m_GameObject: {fileID: 3499133733860330756}
  m_LocalRotation: {x: 0, y: 0, z: 0, w: 1}
  m_LocalPosition: {x: -1.7441406, y: 7.123047, z: -3.527588}
  m_LocalScale: {x: 0.9, y: 0.9, z: 0.9}
  m_Children:
  - {fileID: 8314832381885032076}
  - {fileID: 300271964369537054}
  - {fileID: 3909288043923785201}
  - {fileID: 8725195699046503238}
  - {fileID: 7864599510238231624}
  - {fileID: 994901991523275847}
  - {fileID: 4105933691938913876}
  m_Father: {fileID: 0}
  m_RootOrder: 0
  m_LocalEulerAnglesHint: {x: 0, y: 0, z: 0}
--- !u!33 &3499133733860330753
MeshFilter:
  m_ObjectHideFlags: 0
  m_CorrespondingSourceObject: {fileID: 0}
  m_PrefabInstance: {fileID: 0}
  m_PrefabAsset: {fileID: 0}
  m_GameObject: {fileID: 3499133733860330756}
  m_Mesh: {fileID: 10202, guid: 0000000000000000e000000000000000, type: 0}
--- !u!23 &3499133733860330752
MeshRenderer:
  m_ObjectHideFlags: 0
  m_CorrespondingSourceObject: {fileID: 0}
  m_PrefabInstance: {fileID: 0}
  m_PrefabAsset: {fileID: 0}
  m_GameObject: {fileID: 3499133733860330756}
  m_Enabled: 0
  m_CastShadows: 1
  m_ReceiveShadows: 1
  m_DynamicOccludee: 1
  m_MotionVectors: 1
  m_LightProbeUsage: 1
  m_ReflectionProbeUsage: 1
  m_RenderingLayerMask: 1
  m_RendererPriority: 0
  m_Materials:
  - {fileID: 2100000, guid: 442fa01c485eba9429d449e37f290468, type: 2}
  m_StaticBatchInfo:
    firstSubMesh: 0
    subMeshCount: 0
  m_StaticBatchRoot: {fileID: 0}
  m_ProbeAnchor: {fileID: 0}
  m_LightProbeVolumeOverride: {fileID: 0}
  m_ScaleInLightmap: 1
  m_ReceiveGI: 1
  m_PreserveUVs: 0
  m_IgnoreNormalsForChartDetection: 0
  m_ImportantGI: 0
  m_StitchLightmapSeams: 1
  m_SelectedEditorRenderState: 3
  m_MinimumChartSize: 4
  m_AutoUVMaxDistance: 0.5
  m_AutoUVMaxAngle: 89
  m_LightmapParameters: {fileID: 0}
  m_SortingLayerID: 0
  m_SortingLayer: 0
  m_SortingOrder: 0
--- !u!65 &3499133733860330759
BoxCollider:
  m_ObjectHideFlags: 0
  m_CorrespondingSourceObject: {fileID: 0}
  m_PrefabInstance: {fileID: 0}
  m_PrefabAsset: {fileID: 0}
  m_GameObject: {fileID: 3499133733860330756}
  m_Material: {fileID: 0}
  m_IsTrigger: 1
  m_Enabled: 1
  serializedVersion: 2
  m_Size: {x: 0.8, y: 0.8, z: 0.8}
  m_Center: {x: 0, y: 0, z: 0}
--- !u!114 &3499133733860330758
MonoBehaviour:
  m_ObjectHideFlags: 0
  m_CorrespondingSourceObject: {fileID: 0}
  m_PrefabInstance: {fileID: 0}
  m_PrefabAsset: {fileID: 0}
  m_GameObject: {fileID: 3499133733860330756}
  m_Enabled: 1
  m_EditorHideFlags: 0
  m_Script: {fileID: 11500000, guid: 1e01f26c66ef76a438af79a0154fe64b, type: 3}
  m_Name: 
  m_EditorClassIdentifier: 
  nextQuad: {fileID: 0}
  previousQuad: {fileID: 0}
  scoringSys: {fileID: 0}
  explotion: {fileID: 8314832381885032067}
  currentPos: {x: 0, y: 0, z: 0}
  jumpForce: 0.9
  timeAnimation: 0.2
  moveStepCurveBegin: 6
  moveStepCurveEnd: 5
  falling: 0
  canMove: 1
  canLose: 1
  splash: {fileID: 6344207053672767271, guid: d3235c7bb8d7175489ec57b84555a9da, type: 3}
  celebrationEvents:
    m_PersistentCalls:
      m_Calls:
      - m_Target: {fileID: 4319495270140888915}
        m_MethodName: SetActive
        m_Mode: 6
        m_Arguments:
          m_ObjectArgument: {fileID: 0}
          m_ObjectArgumentAssemblyTypeName: UnityEngine.Object, UnityEngine
          m_IntArgument: 0
          m_FloatArgument: 0
          m_StringArgument: 
          m_BoolArgument: 1
        m_CallState: 2
    m_TypeName: UnityEngine.Events.UnityEvent, UnityEngine.CoreModule, Version=0.0.0.0,
      Culture=neutral, PublicKeyToken=null
--- !u!95 &3499133733860330755
Animator:
  serializedVersion: 3
  m_ObjectHideFlags: 0
  m_CorrespondingSourceObject: {fileID: 0}
  m_PrefabInstance: {fileID: 0}
  m_PrefabAsset: {fileID: 0}
  m_GameObject: {fileID: 3499133733860330756}
  m_Enabled: 1
  m_Avatar: {fileID: 0}
  m_Controller: {fileID: 9100000, guid: e0ee6eaa14f52fb4a965069a78ed823a, type: 2}
  m_CullingMode: 0
  m_UpdateMode: 0
  m_ApplyRootMotion: 0
  m_LinearVelocityBlending: 0
  m_WarningMessage: 
  m_HasTransformHierarchy: 1
  m_AllowConstantClipSamplingOptimization: 1
  m_KeepAnimatorControllerStateOnDisable: 0
--- !u!1001 &140010190137690162
PrefabInstance:
  m_ObjectHideFlags: 0
  serializedVersion: 2
  m_Modification:
    m_TransformParent: {fileID: 3499133733860330754}
    m_Modifications:
    - target: {fileID: 138107031897980880, guid: 56d6c29124cf33743bba06e189ff950a,
        type: 3}
      propertyPath: m_Name
      value: Tile_A  Variant
      objectReference: {fileID: 0}
    - target: {fileID: 4013268318740139459, guid: 56d6c29124cf33743bba06e189ff950a,
        type: 3}
      propertyPath: m_LocalPosition.x
      value: 0
      objectReference: {fileID: 0}
    - target: {fileID: 4013268318740139459, guid: 56d6c29124cf33743bba06e189ff950a,
        type: 3}
      propertyPath: m_LocalPosition.y
      value: -0
      objectReference: {fileID: 0}
    - target: {fileID: 4013268318740139459, guid: 56d6c29124cf33743bba06e189ff950a,
        type: 3}
      propertyPath: m_LocalPosition.z
      value: 0
      objectReference: {fileID: 0}
    - target: {fileID: 4013268318740139459, guid: 56d6c29124cf33743bba06e189ff950a,
        type: 3}
      propertyPath: m_LocalRotation.x
      value: -0.7071068
      objectReference: {fileID: 0}
    - target: {fileID: 4013268318740139459, guid: 56d6c29124cf33743bba06e189ff950a,
        type: 3}
      propertyPath: m_LocalRotation.y
      value: 0
      objectReference: {fileID: 0}
    - target: {fileID: 4013268318740139459, guid: 56d6c29124cf33743bba06e189ff950a,
        type: 3}
      propertyPath: m_LocalRotation.z
      value: -0
      objectReference: {fileID: 0}
    - target: {fileID: 4013268318740139459, guid: 56d6c29124cf33743bba06e189ff950a,
        type: 3}
      propertyPath: m_LocalRotation.w
      value: 0.7071068
      objectReference: {fileID: 0}
    - target: {fileID: 4013268318740139459, guid: 56d6c29124cf33743bba06e189ff950a,
        type: 3}
      propertyPath: m_RootOrder
      value: 2
      objectReference: {fileID: 0}
    - target: {fileID: 4013268318740139459, guid: 56d6c29124cf33743bba06e189ff950a,
        type: 3}
      propertyPath: m_LocalEulerAnglesHint.x
      value: 0
      objectReference: {fileID: 0}
    - target: {fileID: 4013268318740139459, guid: 56d6c29124cf33743bba06e189ff950a,
        type: 3}
      propertyPath: m_LocalEulerAnglesHint.y
      value: 0
      objectReference: {fileID: 0}
    - target: {fileID: 4013268318740139459, guid: 56d6c29124cf33743bba06e189ff950a,
        type: 3}
      propertyPath: m_LocalEulerAnglesHint.z
      value: 0
      objectReference: {fileID: 0}
    - target: {fileID: 4013268318740139459, guid: 56d6c29124cf33743bba06e189ff950a,
        type: 3}
      propertyPath: m_LocalScale.x
      value: 0.7
      objectReference: {fileID: 0}
    - target: {fileID: 4013268318740139459, guid: 56d6c29124cf33743bba06e189ff950a,
        type: 3}
      propertyPath: m_LocalScale.y
      value: 0.7
      objectReference: {fileID: 0}
    - target: {fileID: 4013268318740139459, guid: 56d6c29124cf33743bba06e189ff950a,
        type: 3}
      propertyPath: m_LocalScale.z
      value: 0.7
      objectReference: {fileID: 0}
    - target: {fileID: 1861800366045203212, guid: 56d6c29124cf33743bba06e189ff950a,
        type: 3}
      propertyPath: m_Materials.Array.data[0]
      value: 
      objectReference: {fileID: 2100000, guid: cd8c1e30e5bf3fa48af8ea188943ec67, type: 2}
    - target: {fileID: 1861800366962066885, guid: 56d6c29124cf33743bba06e189ff950a,
        type: 3}
      propertyPath: m_Materials.Array.data[0]
      value: 
      objectReference: {fileID: 2100000, guid: ae62fe03ab3beb2478fb1599235624ae, type: 2}
    m_RemovedComponents: []
  m_SourcePrefab: {fileID: 100100000, guid: 56d6c29124cf33743bba06e189ff950a, type: 3}
--- !u!4 &3909288043923785201 stripped
Transform:
  m_CorrespondingSourceObject: {fileID: 4013268318740139459, guid: 56d6c29124cf33743bba06e189ff950a,
    type: 3}
  m_PrefabInstance: {fileID: 140010190137690162}
  m_PrefabAsset: {fileID: 0}
--- !u!1001 &2908796874526578514
PrefabInstance:
  m_ObjectHideFlags: 0
  serializedVersion: 2
  m_Modification:
    m_TransformParent: {fileID: 3499133733860330754}
    m_Modifications:
    - target: {fileID: -927199367670048503, guid: 30bdcbb0557325142a7cc00ea6bc290c,
        type: 3}
      propertyPath: m_Name
      value: Cylinder (1)
      objectReference: {fileID: 0}
    - target: {fileID: -4216859302048453862, guid: 30bdcbb0557325142a7cc00ea6bc290c,
        type: 3}
      propertyPath: m_LocalPosition.x
      value: 0
      objectReference: {fileID: 0}
    - target: {fileID: -4216859302048453862, guid: 30bdcbb0557325142a7cc00ea6bc290c,
        type: 3}
      propertyPath: m_LocalPosition.y
      value: 0
      objectReference: {fileID: 0}
    - target: {fileID: -4216859302048453862, guid: 30bdcbb0557325142a7cc00ea6bc290c,
        type: 3}
      propertyPath: m_LocalPosition.z
      value: 0
      objectReference: {fileID: 0}
    - target: {fileID: -4216859302048453862, guid: 30bdcbb0557325142a7cc00ea6bc290c,
        type: 3}
      propertyPath: m_LocalRotation.x
      value: 0.5
      objectReference: {fileID: 0}
    - target: {fileID: -4216859302048453862, guid: 30bdcbb0557325142a7cc00ea6bc290c,
        type: 3}
      propertyPath: m_LocalRotation.y
      value: 0.5
      objectReference: {fileID: 0}
    - target: {fileID: -4216859302048453862, guid: 30bdcbb0557325142a7cc00ea6bc290c,
        type: 3}
      propertyPath: m_LocalRotation.z
      value: -0.5
      objectReference: {fileID: 0}
    - target: {fileID: -4216859302048453862, guid: 30bdcbb0557325142a7cc00ea6bc290c,
        type: 3}
      propertyPath: m_LocalRotation.w
      value: -0.5
      objectReference: {fileID: 0}
    - target: {fileID: -4216859302048453862, guid: 30bdcbb0557325142a7cc00ea6bc290c,
        type: 3}
      propertyPath: m_RootOrder
      value: 4
      objectReference: {fileID: 0}
    - target: {fileID: -4216859302048453862, guid: 30bdcbb0557325142a7cc00ea6bc290c,
        type: 3}
      propertyPath: m_LocalEulerAnglesHint.x
      value: 180
      objectReference: {fileID: 0}
    - target: {fileID: -4216859302048453862, guid: 30bdcbb0557325142a7cc00ea6bc290c,
        type: 3}
      propertyPath: m_LocalEulerAnglesHint.y
      value: 90
      objectReference: {fileID: 0}
    - target: {fileID: -4216859302048453862, guid: 30bdcbb0557325142a7cc00ea6bc290c,
        type: 3}
      propertyPath: m_LocalEulerAnglesHint.z
      value: -90
      objectReference: {fileID: 0}
    - target: {fileID: -4216859302048453862, guid: 30bdcbb0557325142a7cc00ea6bc290c,
        type: 3}
      propertyPath: m_LocalScale.x
      value: 0.7
      objectReference: {fileID: 0}
    - target: {fileID: -4216859302048453862, guid: 30bdcbb0557325142a7cc00ea6bc290c,
        type: 3}
      propertyPath: m_LocalScale.y
      value: 0.7
      objectReference: {fileID: 0}
    - target: {fileID: -4216859302048453862, guid: 30bdcbb0557325142a7cc00ea6bc290c,
        type: 3}
      propertyPath: m_LocalScale.z
      value: 1.4
      objectReference: {fileID: 0}
    - target: {fileID: -1504981713932161579, guid: 30bdcbb0557325142a7cc00ea6bc290c,
        type: 3}
      propertyPath: m_Materials.Array.data[0]
      value: 
      objectReference: {fileID: 2100000, guid: ae62fe03ab3beb2478fb1599235624ae, type: 2}
    m_RemovedComponents: []
  m_SourcePrefab: {fileID: 100100000, guid: 30bdcbb0557325142a7cc00ea6bc290c, type: 3}
--- !u!4 &7864599510238231624 stripped
Transform:
  m_CorrespondingSourceObject: {fileID: -4216859302048453862, guid: 30bdcbb0557325142a7cc00ea6bc290c,
    type: 3}
  m_PrefabInstance: {fileID: 2908796874526578514}
  m_PrefabAsset: {fileID: 0}
--- !u!1001 &3103978865575968392
PrefabInstance:
  m_ObjectHideFlags: 0
  serializedVersion: 2
  m_Modification:
    m_TransformParent: {fileID: 3499133733860330754}
    m_Modifications:
    - target: {fileID: 3402834107862415001, guid: a4832de4eadf6407e8b5a41a5c2f6dc6,
        type: 3}
      propertyPath: m_Name
      value: LifesCanvas
      objectReference: {fileID: 0}
    - target: {fileID: 3402834107862415001, guid: a4832de4eadf6407e8b5a41a5c2f6dc6,
        type: 3}
      propertyPath: m_Layer
      value: 10
      objectReference: {fileID: 0}
    - target: {fileID: 3402834107862415001, guid: a4832de4eadf6407e8b5a41a5c2f6dc6,
        type: 3}
      propertyPath: m_IsActive
      value: 0
      objectReference: {fileID: 0}
    - target: {fileID: 3402834107862414998, guid: a4832de4eadf6407e8b5a41a5c2f6dc6,
        type: 3}
      propertyPath: m_LocalPosition.x
      value: 0
      objectReference: {fileID: 0}
    - target: {fileID: 3402834107862414998, guid: a4832de4eadf6407e8b5a41a5c2f6dc6,
        type: 3}
      propertyPath: m_LocalPosition.y
      value: 0
      objectReference: {fileID: 0}
    - target: {fileID: 3402834107862414998, guid: a4832de4eadf6407e8b5a41a5c2f6dc6,
        type: 3}
      propertyPath: m_LocalPosition.z
      value: 0
      objectReference: {fileID: 0}
    - target: {fileID: 3402834107862414998, guid: a4832de4eadf6407e8b5a41a5c2f6dc6,
        type: 3}
      propertyPath: m_LocalRotation.x
      value: -0
      objectReference: {fileID: 0}
    - target: {fileID: 3402834107862414998, guid: a4832de4eadf6407e8b5a41a5c2f6dc6,
        type: 3}
      propertyPath: m_LocalRotation.y
      value: -0
      objectReference: {fileID: 0}
    - target: {fileID: 3402834107862414998, guid: a4832de4eadf6407e8b5a41a5c2f6dc6,
        type: 3}
      propertyPath: m_LocalRotation.z
      value: -0
      objectReference: {fileID: 0}
    - target: {fileID: 3402834107862414998, guid: a4832de4eadf6407e8b5a41a5c2f6dc6,
        type: 3}
      propertyPath: m_LocalRotation.w
      value: 1
      objectReference: {fileID: 0}
    - target: {fileID: 3402834107862414998, guid: a4832de4eadf6407e8b5a41a5c2f6dc6,
        type: 3}
      propertyPath: m_RootOrder
      value: 1
      objectReference: {fileID: 0}
    - target: {fileID: 3402834107862414998, guid: a4832de4eadf6407e8b5a41a5c2f6dc6,
        type: 3}
      propertyPath: m_LocalEulerAnglesHint.x
      value: 0
      objectReference: {fileID: 0}
    - target: {fileID: 3402834107862414998, guid: a4832de4eadf6407e8b5a41a5c2f6dc6,
        type: 3}
      propertyPath: m_LocalEulerAnglesHint.y
      value: 0
      objectReference: {fileID: 0}
    - target: {fileID: 3402834107862414998, guid: a4832de4eadf6407e8b5a41a5c2f6dc6,
        type: 3}
      propertyPath: m_LocalEulerAnglesHint.z
      value: 0
      objectReference: {fileID: 0}
    - target: {fileID: 3402834107862414998, guid: a4832de4eadf6407e8b5a41a5c2f6dc6,
        type: 3}
      propertyPath: m_AnchoredPosition.x
      value: 0
      objectReference: {fileID: 0}
    - target: {fileID: 3402834107862414998, guid: a4832de4eadf6407e8b5a41a5c2f6dc6,
        type: 3}
      propertyPath: m_AnchoredPosition.y
      value: 1
      objectReference: {fileID: 0}
    - target: {fileID: 3402834107862414998, guid: a4832de4eadf6407e8b5a41a5c2f6dc6,
        type: 3}
      propertyPath: m_SizeDelta.x
      value: 3
      objectReference: {fileID: 0}
    - target: {fileID: 3402834107862414998, guid: a4832de4eadf6407e8b5a41a5c2f6dc6,
        type: 3}
      propertyPath: m_SizeDelta.y
      value: 1
      objectReference: {fileID: 0}
    - target: {fileID: 3402834107862414998, guid: a4832de4eadf6407e8b5a41a5c2f6dc6,
        type: 3}
      propertyPath: m_AnchorMin.x
      value: 0
      objectReference: {fileID: 0}
    - target: {fileID: 3402834107862414998, guid: a4832de4eadf6407e8b5a41a5c2f6dc6,
        type: 3}
      propertyPath: m_AnchorMin.y
      value: 0
      objectReference: {fileID: 0}
    - target: {fileID: 3402834107862414998, guid: a4832de4eadf6407e8b5a41a5c2f6dc6,
        type: 3}
      propertyPath: m_AnchorMax.x
      value: 0
      objectReference: {fileID: 0}
    - target: {fileID: 3402834107862414998, guid: a4832de4eadf6407e8b5a41a5c2f6dc6,
        type: 3}
      propertyPath: m_AnchorMax.y
      value: 0
      objectReference: {fileID: 0}
    - target: {fileID: 3402834107862414998, guid: a4832de4eadf6407e8b5a41a5c2f6dc6,
        type: 3}
      propertyPath: m_Pivot.x
      value: 0.5
      objectReference: {fileID: 0}
    - target: {fileID: 3402834107862414998, guid: a4832de4eadf6407e8b5a41a5c2f6dc6,
        type: 3}
      propertyPath: m_Pivot.y
      value: 0.5
      objectReference: {fileID: 0}
    - target: {fileID: 1032275290597683895, guid: a4832de4eadf6407e8b5a41a5c2f6dc6,
        type: 3}
      propertyPath: m_LocalScale.x
      value: 0.6
      objectReference: {fileID: 0}
    - target: {fileID: 1032275290597683895, guid: a4832de4eadf6407e8b5a41a5c2f6dc6,
        type: 3}
      propertyPath: m_LocalScale.y
      value: 0.6
      objectReference: {fileID: 0}
    - target: {fileID: 1032275290597683895, guid: a4832de4eadf6407e8b5a41a5c2f6dc6,
        type: 3}
      propertyPath: m_LocalScale.z
      value: 0.6
      objectReference: {fileID: 0}
    - target: {fileID: 1032275290597683895, guid: a4832de4eadf6407e8b5a41a5c2f6dc6,
        type: 3}
      propertyPath: m_RootOrder
      value: 4
      objectReference: {fileID: 0}
    - target: {fileID: 1032275290597683895, guid: a4832de4eadf6407e8b5a41a5c2f6dc6,
        type: 3}
      propertyPath: m_AnchoredPosition.y
      value: 0.6
      objectReference: {fileID: 0}
    - target: {fileID: 1216642898528041435, guid: a4832de4eadf6407e8b5a41a5c2f6dc6,
        type: 3}
      propertyPath: m_Layer
      value: 10
      objectReference: {fileID: 0}
    - target: {fileID: 1216642898528041435, guid: a4832de4eadf6407e8b5a41a5c2f6dc6,
        type: 3}
      propertyPath: m_IsActive
      value: 0
      objectReference: {fileID: 0}
    - target: {fileID: 3402834109075512562, guid: a4832de4eadf6407e8b5a41a5c2f6dc6,
        type: 3}
      propertyPath: m_Layer
      value: 10
      objectReference: {fileID: 0}
    - target: {fileID: 3402834109649371696, guid: a4832de4eadf6407e8b5a41a5c2f6dc6,
        type: 3}
      propertyPath: m_Layer
      value: 10
      objectReference: {fileID: 0}
    - target: {fileID: 3402834107862415002, guid: a4832de4eadf6407e8b5a41a5c2f6dc6,
        type: 3}
      propertyPath: _player
      value: 
      objectReference: {fileID: 3499133733860330758}
    - target: {fileID: 3402834107862414997, guid: a4832de4eadf6407e8b5a41a5c2f6dc6,
        type: 3}
      propertyPath: m_AdditionalShaderChannelsFlag
      value: 25
      objectReference: {fileID: 0}
    - target: {fileID: 3402834108451276943, guid: a4832de4eadf6407e8b5a41a5c2f6dc6,
        type: 3}
      propertyPath: m_Layer
      value: 10
      objectReference: {fileID: 0}
    - target: {fileID: 7502521756852114418, guid: a4832de4eadf6407e8b5a41a5c2f6dc6,
        type: 3}
      propertyPath: _duration
      value: 0.4
      objectReference: {fileID: 0}
    - target: {fileID: 7502521756852114418, guid: a4832de4eadf6407e8b5a41a5c2f6dc6,
        type: 3}
      propertyPath: targetPosition.y
      value: 1
      objectReference: {fileID: 0}
    - target: {fileID: 7502521756852114418, guid: a4832de4eadf6407e8b5a41a5c2f6dc6,
        type: 3}
      propertyPath: _animationType
      value: 6
      objectReference: {fileID: 0}
    - target: {fileID: 7502521756852114418, guid: a4832de4eadf6407e8b5a41a5c2f6dc6,
        type: 3}
      propertyPath: moveEase
      value: 25
      objectReference: {fileID: 0}
    - target: {fileID: 8571929617851294129, guid: a4832de4eadf6407e8b5a41a5c2f6dc6,
        type: 3}
      propertyPath: m_Sprite
      value: 
      objectReference: {fileID: 6680095517152628293, guid: c82fc31d2e2c3ef46a827808bd223c40,
        type: 3}
    m_RemovedComponents: []
  m_SourcePrefab: {fileID: 100100000, guid: a4832de4eadf6407e8b5a41a5c2f6dc6, type: 3}
--- !u!224 &300271964369537054 stripped
RectTransform:
  m_CorrespondingSourceObject: {fileID: 3402834107862414998, guid: a4832de4eadf6407e8b5a41a5c2f6dc6,
    type: 3}
  m_PrefabInstance: {fileID: 3103978865575968392}
  m_PrefabAsset: {fileID: 0}
--- !u!1 &4319495270140888915 stripped
GameObject:
  m_CorrespondingSourceObject: {fileID: 1216642898528041435, guid: a4832de4eadf6407e8b5a41a5c2f6dc6,
    type: 3}
  m_PrefabInstance: {fileID: 3103978865575968392}
  m_PrefabAsset: {fileID: 0}
--- !u!1001 &4354043558030178396
PrefabInstance:
  m_ObjectHideFlags: 0
  serializedVersion: 2
  m_Modification:
    m_TransformParent: {fileID: 3499133733860330754}
    m_Modifications:
    - target: {fileID: -927199367670048503, guid: 30bdcbb0557325142a7cc00ea6bc290c,
        type: 3}
      propertyPath: m_Name
      value: Cylinder
      objectReference: {fileID: 0}
    - target: {fileID: -4216859302048453862, guid: 30bdcbb0557325142a7cc00ea6bc290c,
        type: 3}
      propertyPath: m_LocalPosition.x
      value: 0
      objectReference: {fileID: 0}
    - target: {fileID: -4216859302048453862, guid: 30bdcbb0557325142a7cc00ea6bc290c,
        type: 3}
      propertyPath: m_LocalPosition.y
      value: 0
      objectReference: {fileID: 0}
    - target: {fileID: -4216859302048453862, guid: 30bdcbb0557325142a7cc00ea6bc290c,
        type: 3}
      propertyPath: m_LocalPosition.z
      value: 0
      objectReference: {fileID: 0}
    - target: {fileID: -4216859302048453862, guid: 30bdcbb0557325142a7cc00ea6bc290c,
        type: 3}
      propertyPath: m_LocalRotation.x
      value: -0.7071068
      objectReference: {fileID: 0}
    - target: {fileID: -4216859302048453862, guid: 30bdcbb0557325142a7cc00ea6bc290c,
        type: 3}
      propertyPath: m_LocalRotation.y
      value: 0
      objectReference: {fileID: 0}
    - target: {fileID: -4216859302048453862, guid: 30bdcbb0557325142a7cc00ea6bc290c,
        type: 3}
      propertyPath: m_LocalRotation.z
      value: 0
      objectReference: {fileID: 0}
    - target: {fileID: -4216859302048453862, guid: 30bdcbb0557325142a7cc00ea6bc290c,
        type: 3}
      propertyPath: m_LocalRotation.w
      value: 0.7071068
      objectReference: {fileID: 0}
    - target: {fileID: -4216859302048453862, guid: 30bdcbb0557325142a7cc00ea6bc290c,
        type: 3}
      propertyPath: m_RootOrder
      value: 3
      objectReference: {fileID: 0}
    - target: {fileID: -4216859302048453862, guid: 30bdcbb0557325142a7cc00ea6bc290c,
        type: 3}
      propertyPath: m_LocalEulerAnglesHint.x
      value: -90
      objectReference: {fileID: 0}
    - target: {fileID: -4216859302048453862, guid: 30bdcbb0557325142a7cc00ea6bc290c,
        type: 3}
      propertyPath: m_LocalEulerAnglesHint.y
      value: 0
      objectReference: {fileID: 0}
    - target: {fileID: -4216859302048453862, guid: 30bdcbb0557325142a7cc00ea6bc290c,
        type: 3}
      propertyPath: m_LocalEulerAnglesHint.z
      value: 0
      objectReference: {fileID: 0}
    - target: {fileID: -4216859302048453862, guid: 30bdcbb0557325142a7cc00ea6bc290c,
        type: 3}
      propertyPath: m_LocalScale.x
      value: 0.7
      objectReference: {fileID: 0}
    - target: {fileID: -4216859302048453862, guid: 30bdcbb0557325142a7cc00ea6bc290c,
        type: 3}
      propertyPath: m_LocalScale.y
      value: 0.7
      objectReference: {fileID: 0}
    - target: {fileID: -4216859302048453862, guid: 30bdcbb0557325142a7cc00ea6bc290c,
        type: 3}
      propertyPath: m_LocalScale.z
      value: 1.4
      objectReference: {fileID: 0}
    - target: {fileID: -1504981713932161579, guid: 30bdcbb0557325142a7cc00ea6bc290c,
        type: 3}
      propertyPath: m_Materials.Array.data[0]
      value: 
      objectReference: {fileID: 2100000, guid: ae62fe03ab3beb2478fb1599235624ae, type: 2}
    m_RemovedComponents: []
  m_SourcePrefab: {fileID: 100100000, guid: 30bdcbb0557325142a7cc00ea6bc290c, type: 3}
--- !u!4 &8725195699046503238 stripped
Transform:
  m_CorrespondingSourceObject: {fileID: -4216859302048453862, guid: 30bdcbb0557325142a7cc00ea6bc290c,
    type: 3}
  m_PrefabInstance: {fileID: 4354043558030178396}
  m_PrefabAsset: {fileID: 0}
--- !u!1001 &5238863778473017181
PrefabInstance:
  m_ObjectHideFlags: 0
  serializedVersion: 2
  m_Modification:
    m_TransformParent: {fileID: 3499133733860330754}
    m_Modifications:
    - target: {fileID: -927199367670048503, guid: 30bdcbb0557325142a7cc00ea6bc290c,
        type: 3}
      propertyPath: m_Name
      value: Cylinder (2)
      objectReference: {fileID: 0}
    - target: {fileID: -4216859302048453862, guid: 30bdcbb0557325142a7cc00ea6bc290c,
        type: 3}
      propertyPath: m_LocalPosition.x
      value: 0
      objectReference: {fileID: 0}
    - target: {fileID: -4216859302048453862, guid: 30bdcbb0557325142a7cc00ea6bc290c,
        type: 3}
      propertyPath: m_LocalPosition.y
      value: 0
      objectReference: {fileID: 0}
    - target: {fileID: -4216859302048453862, guid: 30bdcbb0557325142a7cc00ea6bc290c,
        type: 3}
      propertyPath: m_LocalPosition.z
      value: 0
      objectReference: {fileID: 0}
    - target: {fileID: -4216859302048453862, guid: 30bdcbb0557325142a7cc00ea6bc290c,
        type: 3}
      propertyPath: m_LocalRotation.x
      value: 0.7071068
      objectReference: {fileID: 0}
    - target: {fileID: -4216859302048453862, guid: 30bdcbb0557325142a7cc00ea6bc290c,
        type: 3}
      propertyPath: m_LocalRotation.y
      value: 0.7071068
      objectReference: {fileID: 0}
    - target: {fileID: -4216859302048453862, guid: 30bdcbb0557325142a7cc00ea6bc290c,
        type: 3}
      propertyPath: m_LocalRotation.z
      value: -0
      objectReference: {fileID: 0}
    - target: {fileID: -4216859302048453862, guid: 30bdcbb0557325142a7cc00ea6bc290c,
        type: 3}
      propertyPath: m_LocalRotation.w
      value: 0
      objectReference: {fileID: 0}
    - target: {fileID: -4216859302048453862, guid: 30bdcbb0557325142a7cc00ea6bc290c,
        type: 3}
      propertyPath: m_RootOrder
      value: 5
      objectReference: {fileID: 0}
    - target: {fileID: -4216859302048453862, guid: 30bdcbb0557325142a7cc00ea6bc290c,
        type: 3}
      propertyPath: m_LocalEulerAnglesHint.x
      value: 180
      objectReference: {fileID: 0}
    - target: {fileID: -4216859302048453862, guid: 30bdcbb0557325142a7cc00ea6bc290c,
        type: 3}
      propertyPath: m_LocalEulerAnglesHint.y
      value: 0
      objectReference: {fileID: 0}
    - target: {fileID: -4216859302048453862, guid: 30bdcbb0557325142a7cc00ea6bc290c,
        type: 3}
      propertyPath: m_LocalEulerAnglesHint.z
      value: -90
      objectReference: {fileID: 0}
    - target: {fileID: -4216859302048453862, guid: 30bdcbb0557325142a7cc00ea6bc290c,
        type: 3}
      propertyPath: m_LocalScale.x
      value: 0.7
      objectReference: {fileID: 0}
    - target: {fileID: -4216859302048453862, guid: 30bdcbb0557325142a7cc00ea6bc290c,
        type: 3}
      propertyPath: m_LocalScale.y
      value: 0.7
      objectReference: {fileID: 0}
    - target: {fileID: -4216859302048453862, guid: 30bdcbb0557325142a7cc00ea6bc290c,
        type: 3}
      propertyPath: m_LocalScale.z
      value: 1.4
      objectReference: {fileID: 0}
    - target: {fileID: -1504981713932161579, guid: 30bdcbb0557325142a7cc00ea6bc290c,
        type: 3}
      propertyPath: m_Materials.Array.data[0]
      value: 
      objectReference: {fileID: 2100000, guid: ae62fe03ab3beb2478fb1599235624ae, type: 2}
    m_RemovedComponents: []
  m_SourcePrefab: {fileID: 100100000, guid: 30bdcbb0557325142a7cc00ea6bc290c, type: 3}
--- !u!4 &994901991523275847 stripped
Transform:
  m_CorrespondingSourceObject: {fileID: -4216859302048453862, guid: 30bdcbb0557325142a7cc00ea6bc290c,
    type: 3}
  m_PrefabInstance: {fileID: 5238863778473017181}
  m_PrefabAsset: {fileID: 0}
--- !u!1001 &7168824227681933052
PrefabInstance:
  m_ObjectHideFlags: 0
  serializedVersion: 2
  m_Modification:
    m_TransformParent: {fileID: 3499133733860330754}
    m_Modifications:
    - target: {fileID: 1159941166760603775, guid: 1798105811c4e4121a198242769a5af9,
        type: 3}
      propertyPath: m_Name
      value: ExplotionObject
      objectReference: {fileID: 0}
    - target: {fileID: 1159941166760603775, guid: 1798105811c4e4121a198242769a5af9,
        type: 3}
      propertyPath: m_Layer
      value: 10
      objectReference: {fileID: 0}
    - target: {fileID: 1159941166760603775, guid: 1798105811c4e4121a198242769a5af9,
        type: 3}
      propertyPath: m_IsActive
      value: 0
      objectReference: {fileID: 0}
    - target: {fileID: 1159941166760603760, guid: 1798105811c4e4121a198242769a5af9,
        type: 3}
      propertyPath: m_LocalPosition.x
      value: 0
      objectReference: {fileID: 0}
    - target: {fileID: 1159941166760603760, guid: 1798105811c4e4121a198242769a5af9,
        type: 3}
      propertyPath: m_LocalPosition.y
      value: 0.059999894
      objectReference: {fileID: 0}
    - target: {fileID: 1159941166760603760, guid: 1798105811c4e4121a198242769a5af9,
        type: 3}
      propertyPath: m_LocalPosition.z
      value: 0
      objectReference: {fileID: 0}
    - target: {fileID: 1159941166760603760, guid: 1798105811c4e4121a198242769a5af9,
        type: 3}
      propertyPath: m_LocalRotation.x
      value: -0
      objectReference: {fileID: 0}
    - target: {fileID: 1159941166760603760, guid: 1798105811c4e4121a198242769a5af9,
        type: 3}
      propertyPath: m_LocalRotation.y
      value: -0
      objectReference: {fileID: 0}
    - target: {fileID: 1159941166760603760, guid: 1798105811c4e4121a198242769a5af9,
        type: 3}
      propertyPath: m_LocalRotation.z
      value: -0
      objectReference: {fileID: 0}
    - target: {fileID: 1159941166760603760, guid: 1798105811c4e4121a198242769a5af9,
        type: 3}
      propertyPath: m_LocalRotation.w
      value: 1
      objectReference: {fileID: 0}
    - target: {fileID: 1159941166760603760, guid: 1798105811c4e4121a198242769a5af9,
        type: 3}
      propertyPath: m_RootOrder
      value: 0
      objectReference: {fileID: 0}
    - target: {fileID: 1159941166760603760, guid: 1798105811c4e4121a198242769a5af9,
        type: 3}
      propertyPath: m_LocalEulerAnglesHint.x
      value: 0
      objectReference: {fileID: 0}
    - target: {fileID: 1159941166760603760, guid: 1798105811c4e4121a198242769a5af9,
        type: 3}
      propertyPath: m_LocalEulerAnglesHint.y
      value: 0
      objectReference: {fileID: 0}
    - target: {fileID: 1159941166760603760, guid: 1798105811c4e4121a198242769a5af9,
        type: 3}
      propertyPath: m_LocalEulerAnglesHint.z
      value: 0
      objectReference: {fileID: 0}
    - target: {fileID: 1159941165843698776, guid: 1798105811c4e4121a198242769a5af9,
        type: 3}
      propertyPath: m_Layer
      value: 10
      objectReference: {fileID: 0}
    - target: {fileID: 1159941165698929196, guid: 1798105811c4e4121a198242769a5af9,
        type: 3}
      propertyPath: m_Layer
      value: 10
      objectReference: {fileID: 0}
    - target: {fileID: 1159941164962653230, guid: 1798105811c4e4121a198242769a5af9,
        type: 3}
      propertyPath: m_Layer
      value: 10
      objectReference: {fileID: 0}
    - target: {fileID: 1159941164800671937, guid: 1798105811c4e4121a198242769a5af9,
        type: 3}
      propertyPath: m_Layer
      value: 10
      objectReference: {fileID: 0}
    - target: {fileID: 1159941165187645460, guid: 1798105811c4e4121a198242769a5af9,
        type: 3}
      propertyPath: m_Layer
      value: 10
      objectReference: {fileID: 0}
    - target: {fileID: 1159941166909071209, guid: 1798105811c4e4121a198242769a5af9,
        type: 3}
      propertyPath: m_Layer
      value: 10
      objectReference: {fileID: 0}
    - target: {fileID: 1159941166009493469, guid: 1798105811c4e4121a198242769a5af9,
        type: 3}
      propertyPath: m_Layer
      value: 10
      objectReference: {fileID: 0}
    - target: {fileID: 1159941166261612581, guid: 1798105811c4e4121a198242769a5af9,
        type: 3}
      propertyPath: m_Layer
      value: 10
      objectReference: {fileID: 0}
    - target: {fileID: 1109327874356341451, guid: 1798105811c4e4121a198242769a5af9,
        type: 3}
      propertyPath: m_Layer
      value: 10
      objectReference: {fileID: 0}
    - target: {fileID: 8742695668709577126, guid: 1798105811c4e4121a198242769a5af9,
        type: 3}
      propertyPath: m_Layer
      value: 10
      objectReference: {fileID: 0}
    - target: {fileID: 6959728298297399221, guid: 1798105811c4e4121a198242769a5af9,
        type: 3}
      propertyPath: m_Layer
      value: 10
      objectReference: {fileID: 0}
    - target: {fileID: 5827945490759205177, guid: 1798105811c4e4121a198242769a5af9,
        type: 3}
      propertyPath: m_Layer
      value: 10
      objectReference: {fileID: 0}
    - target: {fileID: 5696896913571787872, guid: 1798105811c4e4121a198242769a5af9,
        type: 3}
      propertyPath: m_Layer
      value: 10
      objectReference: {fileID: 0}
    - target: {fileID: 1682597898499448343, guid: 1798105811c4e4121a198242769a5af9,
        type: 3}
      propertyPath: m_Materials.Array.data[0]
      value: 
      objectReference: {fileID: 2100000, guid: 442fa01c485eba9429d449e37f290468, type: 2}
    - target: {fileID: 1159941165843698780, guid: 1798105811c4e4121a198242769a5af9,
        type: 3}
      propertyPath: m_Materials.Array.data[0]
      value: 
      objectReference: {fileID: 2100000, guid: 442fa01c485eba9429d449e37f290468, type: 2}
    - target: {fileID: 1159941165698929184, guid: 1798105811c4e4121a198242769a5af9,
        type: 3}
      propertyPath: m_Materials.Array.data[0]
      value: 
      objectReference: {fileID: 2100000, guid: 442fa01c485eba9429d449e37f290468, type: 2}
    - target: {fileID: 1159941164962653218, guid: 1798105811c4e4121a198242769a5af9,
        type: 3}
      propertyPath: m_Materials.Array.data[0]
      value: 
      objectReference: {fileID: 2100000, guid: 442fa01c485eba9429d449e37f290468, type: 2}
    - target: {fileID: 1159941164800671941, guid: 1798105811c4e4121a198242769a5af9,
        type: 3}
      propertyPath: m_Materials.Array.data[0]
      value: 
      objectReference: {fileID: 2100000, guid: 442fa01c485eba9429d449e37f290468, type: 2}
    - target: {fileID: 1159941165187645672, guid: 1798105811c4e4121a198242769a5af9,
        type: 3}
      propertyPath: m_Materials.Array.data[0]
      value: 
      objectReference: {fileID: 2100000, guid: 442fa01c485eba9429d449e37f290468, type: 2}
    - target: {fileID: 1159941166909071213, guid: 1798105811c4e4121a198242769a5af9,
        type: 3}
      propertyPath: m_Materials.Array.data[0]
      value: 
      objectReference: {fileID: 2100000, guid: 442fa01c485eba9429d449e37f290468, type: 2}
    - target: {fileID: 1159941166009493457, guid: 1798105811c4e4121a198242769a5af9,
        type: 3}
      propertyPath: m_Materials.Array.data[0]
      value: 
      objectReference: {fileID: 2100000, guid: 442fa01c485eba9429d449e37f290468, type: 2}
    - target: {fileID: 1159941166261612601, guid: 1798105811c4e4121a198242769a5af9,
        type: 3}
      propertyPath: m_Materials.Array.data[0]
      value: 
      objectReference: {fileID: 2100000, guid: 442fa01c485eba9429d449e37f290468, type: 2}
    - target: {fileID: 8694544395687568233, guid: 1798105811c4e4121a198242769a5af9,
        type: 3}
      propertyPath: m_Materials.Array.data[0]
      value: 
      objectReference: {fileID: 2100000, guid: 442fa01c485eba9429d449e37f290468, type: 2}
    - target: {fileID: 7019033121023976826, guid: 1798105811c4e4121a198242769a5af9,
        type: 3}
      propertyPath: m_Materials.Array.data[0]
      value: 
      objectReference: {fileID: 2100000, guid: 442fa01c485eba9429d449e37f290468, type: 2}
    - target: {fileID: 6283550088390574268, guid: 1798105811c4e4121a198242769a5af9,
        type: 3}
      propertyPath: m_Materials.Array.data[0]
      value: 
      objectReference: {fileID: 2100000, guid: 442fa01c485eba9429d449e37f290468, type: 2}
    - target: {fileID: 5250585319481865701, guid: 1798105811c4e4121a198242769a5af9,
        type: 3}
      propertyPath: m_Materials.Array.data[0]
      value: 
      objectReference: {fileID: 2100000, guid: 442fa01c485eba9429d449e37f290468, type: 2}
    m_RemovedComponents: []
  m_SourcePrefab: {fileID: 100100000, guid: 1798105811c4e4121a198242769a5af9, type: 3}
--- !u!1 &8314832381885032067 stripped
GameObject:
  m_CorrespondingSourceObject: {fileID: 1159941166760603775, guid: 1798105811c4e4121a198242769a5af9,
    type: 3}
  m_PrefabInstance: {fileID: 7168824227681933052}
  m_PrefabAsset: {fileID: 0}
--- !u!4 &8314832381885032076 stripped
Transform:
  m_CorrespondingSourceObject: {fileID: 1159941166760603760, guid: 1798105811c4e4121a198242769a5af9,
    type: 3}
  m_PrefabInstance: {fileID: 7168824227681933052}
  m_PrefabAsset: {fileID: 0}
